<record xsi:schemaLocation="http://www.loc.gov/MARC21/slim http://www.loc.gov/standards/marcxml/schema/MARC21slim.xsd" xmlns="http://www.loc.gov/MARC21/slim" xmlns:xsi="http://www.w3.org/2001/XMLSchema-instance">
  <leader>00000nas a2200289 a 4500</leader>
  <controlfield tag="005">20200722183858.0</controlfield>
  <controlfield tag="006">m        d</controlfield>
  <controlfield tag="007">cr bn ---auaua</controlfield>
  <controlfield tag="008">931217c19929999ilubr p       0    0eng d</controlfield>
  <controlfield tag="001">990027318490106381</controlfield>
  <datafield tag="035" ind1=" " ind2=" ">
    <subfield code="a">(MiU)002731849MIU01</subfield>
  </datafield>
  <datafield tag="010" ind1=" " ind2=" ">
    <subfield code="a">sn 93026898</subfield>
  </datafield>
  <datafield tag="022" ind1=" " ind2=" ">
    <subfield code="a">1542-2399</subfield>
    <subfield code="0">http://worldcat.org/issn/1542-2399</subfield>
  </datafield>
  <datafield tag="035" ind1=" " ind2=" ">
    <subfield code="a">(OCoLC)ocm25376224</subfield>
    <subfield code="0">http://www.worldcat.org/oclc/25376224</subfield>
  </datafield>
  <datafield tag="040" ind1=" " ind2=" ">
    <subfield code="a">VXG</subfield>
    <subfield code="c">VXG</subfield>
    <subfield code="d">FUG</subfield>
    <subfield code="d">WAU</subfield>
    <subfield code="d">EYM</subfield>
  </datafield>
  <datafield tag="042" ind1=" " ind2=" ">
    <subfield code="a">lcd</subfield>
  </datafield>
  <datafield tag="050" ind1="1" ind2="4">
    <subfield code="a">SB435</subfield>
    <subfield code="b">.A7</subfield>
  </datafield>
  <datafield tag="245" ind1="0" ind2="0">
    <subfield code="a">Arborist news /</subfield>
    <subfield code="c">International Society of Arboriculture.</subfield>
  </datafield>
  <datafield tag="260" ind1=" " ind2=" ">
    <subfield code="a">Savoy, IL :</subfield>
    <subfield code="b">The Society.</subfield>
  </datafield>
  <datafield tag="300" ind1=" " ind2=" ">
    <subfield code="a">v. :</subfield>
    <subfield code="b">ill. ;</subfield>
    <subfield code="c">28 cm</subfield>
  </datafield>
  <datafield tag="310" ind1=" " ind2=" ">
    <subfield code="a">Bimonthly</subfield>
  </datafield>
  <datafield tag="362" ind1="1" ind2=" ">
    <subfield code="a">Began with: Vol. 1, no. 1 (Feb. 1992).</subfield>
  </datafield>
  <datafield tag="500" ind1=" " ind2=" ">
    <subfield code="a">Description based on: Vol. 2, no. 3 (June 1993); title from cover.</subfield>
  </datafield>
  <datafield tag="610" ind1="2" ind2="0">
    <subfield code="a">International Society of Arboriculture</subfield>
    <subfield code="v">Periodicals.</subfield>
    <subfield code="0">http://id.loc.gov/authorities/names/n86824788</subfield>
    <subfield code="0">http://viaf.org/viaf/sourceID/LC|n86824788</subfield>
  </datafield>
  <datafield tag="650" ind1=" " ind2="0">
    <subfield code="a">Arboriculture</subfield>
    <subfield code="v">Periodicals.</subfield>
    <subfield code="0">http://id.loc.gov/authorities/subjects/sh85006470</subfield>
  </datafield>
  <datafield tag="650" ind1=" " ind2="0">
    <subfield code="a">Trees</subfield>
    <subfield code="v">Periodicals.</subfield>
    <subfield code="0">http://id.loc.gov/authorities/subjects/sh85137241</subfield>
  </datafield>
  <datafield tag="710" ind1="2" ind2=" ">
    <subfield code="a">International Society of Arboriculture.</subfield>
    <subfield code="0">http://id.loc.gov/authorities/names/n86824788</subfield>
    <subfield code="0">http://viaf.org/viaf/sourceID/LC|n86824788</subfield>
  </datafield>
  <datafield tag="856" ind1="4" ind2="1">
    <subfield code="3">12 months ago-</subfield>
    <subfield code="z">Institutional password required for access to the International Society of Arboriculture online version; authentication required:</subfield>
    <subfield code="u">https://apps.lib.umich.edu/pk/resource.php?002731849</subfield>
    <subfield code="x">http://www.isa-arbor.com/Publications/Arborist-News</subfield>
    <subfield code="m">International Society of Arboriculture</subfield>
  </datafield>
  <datafield tag="856" ind1="4" ind2="1">
    <subfield code="3">Feb. 2002-12 months ago</subfield>
    <subfield code="z">Access to archived issues via the International Society of Arboriculture online version:</subfield>
    <subfield code="u">http://www.isa-arbor.com/Publications/Arborist-News#archived</subfield>
    <subfield code="m">archived issues via the International Society of Arboriculture</subfield>
  </datafield>
  <datafield tag="997" ind1=" " ind2=" ">
    <subfield code="a">MARS</subfield>
  </datafield>
  <datafield tag="998" ind1=" " ind2=" ">
    <subfield code="c">lene-rdu MaintCorrEserial 20200722 ELEC</subfield>
  </datafield>
  <datafield tag="998" ind1=" " ind2=" ">
    <subfield code="c">lene-rdu MaintCorrESerial 20180927 ELEC</subfield>
  </datafield>
  <datafield tag="998" ind1=" " ind2=" ">
    <subfield code="c">lene-rdu AddVolSerial 20180521</subfield>
  </datafield>
  <datafield tag="998" ind1=" " ind2=" ">
    <subfield code="c">sc5</subfield>
  </datafield>
  <datafield tag="958" ind1=" " ind2=" ">
    <subfield code="a">MiU</subfield>
  </datafield>
  <datafield tag="959" ind1=" " ind2=" ">
    <subfield code="a">(notis)ULAPJ0006</subfield>
  </datafield>
  <datafield tag="995" ind1=" " ind2=" ">
    <subfield code="a">20</subfield>
  </datafield>
  <datafield tag="BIB" ind1=" " ind2=" ">
    <subfield code="u">2021-08-17 11:36:20 US/Eastern</subfield>
    <subfield code="c">2021-06-21 06:05:49 US/Eastern</subfield>
    <subfield code="s">false</subfield>
  </datafield>
  <datafield tag="E56" ind1=" " ind2=" ">
    <subfield code="m">archived issues via the International Society of Arboriculture</subfield>
    <subfield code="l">ELEC</subfield>
    <subfield code="t">static</subfield>
    <subfield code="u">https://na04.alma.exlibrisgroup.com/view/uresolver/01UMICH_INST/openurl?u.ignore_date_coverage=true&amp;portfolio_pid=531031051570006381&amp;Force_direct=true</subfield>
    <subfield code="a">2021-06-23 22:17:59</subfield>
    <subfield code="v">https://umich.alma.exlibrisgroup.com/view/uresolver/01UMICH_INST/openurl?&amp;rfr_id=info:sid/primo.exlibrisgroup.com&amp;svc_dat=CTO?u.ignore_date_coverage=true?u.ignore_date_coverage=true&amp;rft.mms_id=990027318490106381</subfield>
    <subfield code="z">Access to archived issues via the International Society of Arboriculture online version:</subfield>
    <subfield code="q">true</subfield>
    <subfield code="s">Available</subfield>
    <subfield code="8">531031051570006381</subfield>
  </datafield>
  <datafield tag="E56" ind1=" " ind2=" ">
    <subfield code="m">International Society of Arboriculture</subfield>
    <subfield code="l">ELEC</subfield>
    <subfield code="t">static</subfield>
    <subfield code="u">https://na04.alma.exlibrisgroup.com/view/uresolver/01UMICH_INST/openurl?u.ignore_date_coverage=true&amp;portfolio_pid=531031051590006381&amp;Force_direct=true</subfield>
    <subfield code="a">2021-06-23 22:17:59</subfield>
    <subfield code="v">https://umich.alma.exlibrisgroup.com/view/uresolver/01UMICH_INST/openurl?&amp;rfr_id=info:sid/primo.exlibrisgroup.com&amp;svc_dat=CTO?u.ignore_date_coverage=true?u.ignore_date_coverage=true&amp;rft.mms_id=990027318490106381</subfield>
    <subfield code="z">Institutional password required for access to the International Society of Arboriculture online version; authentication required:</subfield>
    <subfield code="q">true</subfield>
    <subfield code="s">Available</subfield>
    <subfield code="8">531031051590006381</subfield>
  </datafield>
  <datafield tag="852" ind1="0" ind2=" ">
    <subfield code="b">SHAP</subfield>
    <subfield code="a">MiU</subfield>
    <subfield code="c">SOVR</subfield>
    <subfield code="h">SB 435 .A71</subfield>
    <subfield code="z">CURRENT ISSUES IN SERIAL SERVICES, 203 NORTH HATCHER</subfield>
    <subfield code="z">MISSING: 24 no.1-2 2015, v.28 no.6 2019</subfield>
    <subfield code="8">22767949280006381</subfield>
  </datafield>
  <datafield tag="866" ind1="3" ind2="2">
    <subfield code="a">2-</subfield>
    <subfield code="8">22767949280006381</subfield>
  </datafield>
  <datafield tag="866" ind1="3" ind2="2">
    <subfield code="a">1993-</subfield>
    <subfield code="8">22767949280006381</subfield>
  </datafield>
  <datafield tag="974" ind1=" " ind2=" ">
    <subfield code="8">22767949280006381</subfield>
    <subfield code="f">1</subfield>
    <subfield code="c">SOVR</subfield>
    <subfield code="m">ISSUE</subfield>
    <subfield code="a">A113546</subfield>
    <subfield code="e">SOVR</subfield>
    <subfield code="7">231228590060006381</subfield>
    <subfield code="z">v.31:no.2(2022:Apr.)</subfield>
    <subfield code="p">08</subfield>
    <subfield code="r">2023-01-12 14:22:46 US/Eastern</subfield>
    <subfield code="h">SB 435 .A71</subfield>
    <subfield code="d">SHAP</subfield>
    <subfield code="b">SHAP</subfield>
  </datafield>
    <datafield tag="974" ind1=" " ind2=" ">
    <subfield code="8">22767949280006381</subfield>
    <subfield code="f">0</subfield>
    <subfield code="t">ACQ</subfield>
    <subfield code="c">SOVR</subfield>
    <subfield code="m">ISSUE</subfield>
    <subfield code="a">A30842</subfield>
    <subfield code="e">SOVR</subfield>
    <subfield code="7">231173897050006381</subfield>
    <subfield code="z">v.30:no.4(2021:Aug.)</subfield>
    <subfield code="h">SB 435 .A71</subfield>
    <subfield code="d">SHAP</subfield>
    <subfield code="b">SHAP</subfield>
  </datafield>
</record>
